%deep learning general
@INPROCEEDINGS{Shi,
  author={R. {Shi} and K. N. {Ngan} and S. {Li}},
  booktitle={2014 IEEE International Conference on Image Processing (ICIP)}, 
  title={Jaccard index compensation for object segmentation evaluation}, 
  year={2014},
  volume={},
  number={},
  pages={4457-4461},
  doi={10.1109/ICIP.2014.7025904}}
  
@article{Jia,
title = "Deep neural networks: A promising tool for fault characteristic mining and intelligent diagnosis of rotating machinery with massive data",
journal = "Mechanical Systems and Signal Processing",
volume = "72-73",
pages = "303 - 315",
year = "2016",
issn = "0888-3270",
doi = "https://doi.org/10.1016/j.ymssp.2015.10.025",
url = "http://www.sciencedirect.com/science/article/pii/S0888327015004859",
author = "F. Jia and Y. Lei and J. Lin and X. Zhou and N. Lu",
keywords = "Deep learning, Deep neural networks, Intelligent fault diagnosis, Rotating machinery, Massive data"
}

@article{Reza,
title = "Deep learning for prognostics and health management: State of the art, challenges, and opportunities",
journal = "Measurement",
volume = "163",
pages = "107929",
year = "2020",
issn = "0263-2241",
doi = "https://doi.org/10.1016/j.measurement.2020.107929",
url = "http://www.sciencedirect.com/science/article/pii/S026322412030467X",
author = "B. Rezaeianjouybari and Y. Shang",
keywords = "Prognostics and health management, Deep learning, Fault diagnosis, Anomaly detection, Domain adaptation"
}

@article{dl-review,
author = {M. Yapıcı and A. Tekerek and N. Topaloglu},
year = {2019},
month = {12},
pages = {188-215},
title = {Literature Review of Deep Learning Research Areas},
volume = {5},
doi = {10.30855/gmbd.2019.03.01},
journal = {Gazi Journal of Engineering Sciences}
}

@book{Mitchell,
author = {T. M. Mitchell},
title = {Machine Learning},
year = {1997},
isbn = {0070428077},
publisher = {McGraw-Hill, Inc.},
pages = {99},
address = {USA},
edition = {1},
}

@article{Hornik,
author = "K. Hornik",
title = "Multilayer feedforward networks are universal approximators",
journal = "Neural Networks",
volume = "2",
number = "5",
pages = "359 - 366",
year = "1989",
issn = "0893-6080",
doi = "https://doi.org/10.1016/0893-6080(89)90020-8",
url = "http://www.sciencedirect.com/science/article/pii/0893608089900208"
}

@Article{Cybenko,
author={Cybenko, G.},
title={Approximation by superpositions of a sigmoidal function},
journal={Mathematics of Control, Signals and Systems},
year={1989},
month={Dec},
day={01},
volume={2},
number={4},
pages={303-314},
issn={1435-568X},
doi={10.1007/BF02551274},
url={https://doi.org/10.1007/BF02551274}
}

@ARTICLE{MNIST,
  author={Y. {Lecun} and L. {Bottou} and Y. {Bengio} and P. {Haffner}},
  journal={Proceedings of the IEEE}, 
  title={Gradient-based learning applied to document recognition}, 
  year={1998},
  volume={86},
  number={11},
  pages={2278-2324},
  doi={10.1109/5.726791}}
  
﻿@Article{loss-survey,
author={Wang, Q.
and Ma, Y.
and Zhao, K.
and Tian, Y.},
title={A Comprehensive Survey of Loss Functions in Machine Learning},
journal={Annals of Data Science},
year={2020},
month={Apr},
day={12},
issn={2198-5812},
doi={10.1007/s40745-020-00253-5},
url={https://doi.org/10.1007/s40745-020-00253-5}
}

@article{vanishing-gradient,
author = {Hochreiter, S.},
year = {1998},
month = {04},
pages = {107-116},
title = {The Vanishing Gradient Problem During Learning Recurrent Neural Nets and Problem Solutions},
volume = {6},
journal = {International Journal of Uncertainty, Fuzziness and Knowledge-Based Systems},
doi = {10.1142/S0218488598000094}
}

@inproceedings{Hinton2010,
author = {Nair, V. and Hinton, G. E.},
title = {Rectified Linear Units Improve Restricted Boltzmann Machines},
year = {2010},
isbn = {9781605589077},
publisher = {Omnipress},
address = {Madison, WI, USA},
booktitle = {Proceedings of the 27th International Conference on International Conference on Machine Learning},
pages = {807–814},
numpages = {8},
location = {Haifa, Israel},
series = {ICML'10}
}

@book{dl-book,
author = {Goodfellow, I. and Bengio, Y. and Courville, A.},
title = {Deep Learning},
year = {2016},
isbn = {0262035618},
publisher = {The MIT Press}
}

@book{bishop,
author = {Bishop, C. M.},
title = {Pattern Recognition and Machine Learning (Information Science and Statistics)},
year = {2006},
isbn = {0387310738},
publisher = {Springer-Verlag},
address = {Berlin, Heidelberg}
}

﻿@Article{cnn-survey,
author={Khan, A.
and Sohail, A.
and Zahoora, U.
and Qureshi, A. S.},
title={A survey of the recent architectures of deep convolutional neural networks},
journal={Artificial Intelligence Review},
year={2020},
month={Dec},
day={01},
volume={53},
number={8},
pages={5455-5516},
issn={1573-7462},
doi={10.1007/s10462-020-09825-6},
url={https://doi.org/10.1007/s10462-020-09825-6}
}

@INPROCEEDINGS{res-connection,  author={K. {He} and X. {Zhang} and S. {Ren} and J. {Sun}},  booktitle={2016 IEEE Conference on Computer Vision and Pattern Recognition (CVPR)},   title={Deep Residual Learning for Image Recognition},   year={2016},  volume={},  number={},  pages={770-778},  doi={10.1109/CVPR.2016.90}}

@misc{conv-graphs,
    author = {D. Stutz},
    title = {Learning Shape Completion from Bounding Boxes with CAD Shape Priors},
    month = {September},
    year = {2017},
    institution = {RWTH Aachen University},
    address = {Aachen, Germany},
    howpublished = {http://davidstutz.de/},
}