@article{segmentation-survey,
author = {S. Ghosh and N. Das and I. Das and U. Maulik},
title = {Understanding Deep Learning Techniques for Image Segmentation},
year = {2019},
issue_date = {September 2019},
publisher = {Association for Computing Machinery},
address = {New York, NY, USA},
volume = {52},
number = {4},
issn = {0360-0300},
url = {https://doi.org/10.1145/3329784},
doi = {10.1145/3329784},
journal = {ACM Comput. Surv.},
month = aug,
articleno = {73},
numpages = {35},
keywords = {semantic image segmentation, convolutional neural networks, Deep learning}
}

@article{medical-image-survey,
title = "A survey on deep learning in medical image analysis",
journal = "Medical Image Analysis",
volume = "42",
pages = "60 - 88",
year = "2017",
issn = "1361-8415",
doi = "https://doi.org/10.1016/j.media.2017.07.005",
url = "http://www.sciencedirect.com/science/article/pii/S1361841517301135",
author = "G. Litjens and T. Kooi and B. E. Bejnordi and A. Setio and F. Ciompi and M. Ghafoorian and J. A. {van der Laak} and B. {van Ginneken} and C. I. SÃ¡nchez",
keywords = "Deep learning, Convolutional neural networks, Medical imaging, Survey"
}

@article{aneurysm,
title = "Interactive segmentation of abdominal aortic aneurysms in CTA images",
journal = "Medical Image Analysis",
volume = "8",
number = "2",
pages = "127 - 138",
year = "2004",
issn = "1361-8415",
doi = "https://doi.org/10.1016/j.media.2004.01.001",
url = "http://www.sciencedirect.com/science/article/pii/S1361841504000039",
author = "M. {de Bruijne} and B. {van Ginneken} and M. Viergever and W. J. Niessen",
keywords = "Active shape model, Image segmentation, Similarity measure, CT, Abdominal aortic aneurysm, Blood vessels"
}

@article{tumor,
  author={B. H. {Menze} and A. {Jakab} and S. {Bauer} and J. {Kalpathy-Cramer}},
  journal={IEEE Transactions on Medical Imaging}, 
  title={The Multimodal Brain Tumor Image Segmentation Benchmark (BRATS)}, 
  year={2015},
  volume={34},
  number={10},
  pages={1993-2024},
  doi={10.1109/TMI.2014.2377694}}

@ARTICLE{cancer,  author={M. {Silveira} and J. C. {Nascimento} and J. S. {Marques}},  journal={IEEE Journal of Selected Topics in Signal Processing},   title={Comparison of Segmentation Methods for Melanoma Diagnosis in Dermoscopy Images},   year={2009},  volume={3},  number={1},  pages={35-45},  doi={10.1109/JSTSP.2008.2011119}}

@INPROCEEDINGS{pedestrians,
  author={B. {Leibe} and E. {Seemann} and B. {Schiele}},
  booktitle={2005 IEEE Computer Society Conference on Computer Vision and Pattern Recognition (CVPR'05)}, 
  title={Pedestrian detection in crowded scenes}, 
  year={2005},
  volume={1},
  number={},
  pages={878-885 vol. 1},
  doi={10.1109/CVPR.2005.272}}
  
 @article{traffic,
  author    = {N. Friedman and
               S. J. Russell},
  title     = {Image Segmentation in Video Sequences: {A} Probabilistic Approach},
  journal   = {CoRR},
  volume    = {abs/1302.1539},
  year      = {2013},
  url       = {http://arxiv.org/abs/1302.1539},
  archivePrefix = {arXiv},
  eprint    = {1302.1539},
  timestamp = {Mon, 13 Aug 2018 16:49:16 +0200},
  biburl    = {https://dblp.org/rec/journals/corr/abs-1302-1539.bib},
  bibsource = {dblp computer science bibliography, https://dblp.org}
}

@article{satellite,
author = {J. Barlow and S. Franklin and Y. E. Martin},
year = {2006},
month = {06},
pages = {},
title = {High Spatial Resolution Satellite Imagery, DEM Derivatives, and Image Segmentation for the Detection of Mass Wasting Processes},
volume = {72},
journal = {Photogrammetric Engineering \& Remote Sensing},
doi = {10.14358/PERS.72.6.687}
}

@INPROCEEDINGS{forensics1,  author={A. {Albiol} and L. {Torres} and E. J. {Delp}},  booktitle={Proceedings 2001 International Conference on Image Processing (Cat. No.01CH37205)},   title={An unsupervised color image segmentation algorithm for face detection applications},   year={2001},  volume={2},  number={},  pages={681-684 vol.2},  doi={10.1109/ICIP.2001.958585}}

@ARTICLE{forensics2,  author={Y. {Du} and E. {Arslanturk} and Z. {Zhou} and C. {Belcher}},  journal={IEEE Transactions on Systems, Man, and Cybernetics, Part B (Cybernetics)},   title={Video-Based Noncooperative Iris Image Segmentation},   year={2011},  volume={41},  number={1},  pages={64-74},  doi={10.1109/TSMCB.2010.2045371}}

@article{forensics3,
title = "Segmentation of fingerprint images using the directional image",
journal = "Pattern Recognition",
volume = "20",
number = "4",
pages = "429 - 435",
year = "1987",
issn = "0031-3203",
doi = "https://doi.org/10.1016/0031-3203(87)90069-0",
url = "http://www.sciencedirect.com/science/article/pii/0031320387900690",
author = "B. M. Mehtre and N. N. Murthy and S. Kapoor and B. Chatterjee",
keywords = "Background, Foreground, Segmentation, Thresholding, Directional image, Directional histogram, Variance of direction"}

@INPROCEEDINGS{Duong,
  author={D. Q. {Duong} and K. C. T. {Nguyen} and N. R. {Kaipatur} and E. H. M. {Lou} and M. {Noga} and P. W. {Major} and K. {Punithakumar} and L. H. {Le}},
  booktitle={2019 41st Annual International Conference of the IEEE Engineering in Medicine and Biology Society (EMBC)}, 
  title={Fully Automated Segmentation of Alveolar Bone Using Deep Convolutional Neural Networks from Intraoral Ultrasound Images}, 
  year={2019},
  volume={},
  number={},
  pages={6632-6635},
  doi={10.1109/EMBC.2019.8857060}}

@inproceedings{
Casser,
title={Fast Mitochondria Detection for Connectomics},
author={V. Casser and K. Kang and H. Pfister and D. Haehn},
booktitle={Medical Imaging with Deep Learning},
year={2020},
url={https://openreview.net/forum?id=QnwJ69X2pZ}
}

@InProceedings{Ronneberger,
author="O. Ronneberger
and P. Fischer and T. Brox",
editor="Navab, Nassir
and Hornegger, Joachim
and Wells, William M.
and Frangi, Alejandro F.",
title="U-Net: Convolutional Networks for Biomedical Image Segmentation",
booktitle="Medical Image Computing and Computer-Assisted Intervention -- MICCAI 2015",
year="2015",
publisher="Springer International Publishing",
address="Cham",
pages="234--241"
}

@article{Long,
author = {J. Long and E. Shelhamer and T. Darrell},
year = {2016},
month = {05},
pages = {1-1},
title = {Fully Convolutional Networks for Semantic Segmentation},
volume = {39},
journal = {IEEE Transactions on Pattern Analysis and Machine Intelligence},
doi = {10.1109/TPAMI.2016.2572683}
}
@INPROCEEDINGS{Noh,
  author={H. {Noh} and S. {Hong} and B. {Han}},
  booktitle={2015 IEEE International Conference on Computer Vision (ICCV)}, 
  title={Learning Deconvolution Network for Semantic Segmentation}, 
  year={2015},
  volume={},
  number={},
  pages={1520-1528},
  doi={10.1109/ICCV.2015.178}}
  
@article{Ibtehaz,
title = "MultiResUNet : Rethinking the U-Net architecture for multimodal biomedical image segmentation",
journal = "Neural Networks",
volume = "121",
pages = "74 - 87",
year = "2020",
issn = "0893-6080",
doi = "https://doi.org/10.1016/j.neunet.2019.08.025",
url = "http://www.sciencedirect.com/science/article/pii/S0893608019302503",
author = "N. Ibtehaz and M. S. Rahman",
keywords = "Convolutional neural networks, Medical imaging, Semantic segmentation, U-Net"
}

@article{segmentation-survey-2,
title = "A survey on deep learning techniques for image and video semantic segmentation",
journal = "Applied Soft Computing",
volume = "70",
pages = "41 - 65",
year = "2018",
issn = "1568-4946",
doi = "https://doi.org/10.1016/j.asoc.2018.05.018",
url = "http://www.sciencedirect.com/science/article/pii/S1568494618302813",
author = "A. Garcia-Garcia and S. Orts-Escolano and S. Oprea and V. Villena-Martinez and P. Martinez-Gonzalez and J. Garcia-Rodriguez",
keywords = "Semantic segmentation, Deep learning, Scene labeling"
}

@article{trans-conv,
  title="{A guide to convolution arithmetic for deep learning}",
  author = {{Dumoulin}, V. and {Visin}, F.},
  journal = {ArXiv e-prints},
  eprint = {1603.07285},
  year={2016},
  month={mar}
}

@article{vggnet,
author = {Simonyan, K. and Zisserman, A.},
year = {2014},
month = {09},
pages = {},
title = {Very Deep Convolutional Networks for Large-Scale Image Recognition},
journal = {arXiv 1409.1556}
}

@INPROCEEDINGS{conv-factor,  author={C. {Szegedy} and V. {Vanhoucke} and S. {Ioffe} and J. {Shlens} and Z. {Wojna}},  booktitle={2016 IEEE Conference on Computer Vision and Pattern Recognition (CVPR)},   title={Rethinking the Inception Architecture for Computer Vision},   year={2016},  volume={},  number={},  pages={2818-2826},  doi={10.1109/CVPR.2016.308}}

@INPROCEEDINGS{inception,  author={C. {Szegedy} and  {Wei Liu} and  {Yangqing Jia} and P. {Sermanet} and S. {Reed} and D. {Anguelov} and D. {Erhan} and V. {Vanhoucke} and A. {Rabinovich}},  booktitle={2015 IEEE Conference on Computer Vision and Pattern Recognition (CVPR)},   title={Going deeper with convolutions},   year={2015},  volume={},  number={},  pages={1-9},  doi={10.1109/CVPR.2015.7298594}}

@book{image_moment,
  title={Moment functions in image analysis: theory and applications},
  author={Mukundan, Ramakrishnan and Ramakrishnan, KR},
  year={1998},
  publisher={World Scientific}
}

@article{shannon,
  author={C. E. {Shannon}},
  journal={Proceedings of the IRE}, 
  title={Communication in the Presence of Noise}, 
  year={1949},
  volume={37},
  number={1},
  pages={10-21},
  doi={10.1109/JRPROC.1949.232969}}
