@InProceedings{Ray,
author="N. {Ray} and A. {Ahmetovic} and S. {Das}",
title="Active contour (snake) methodology for minimally user-interactive visual tracking of high speed videos of free-flight metal transfer",
booktitle="Fabtech/AWS Annual Meeting",
year="2010",
address="Atlanta, GA",
pages="165"
}

@Article{Kass,
author={M. Kass and A. Witkin
and D. Terzopoulos},
title={Snakes: Active contour models},
journal={International Journal of Computer Vision},
year={1988},
month={Jan},
day={01},
volume={1},
number={4},
pages={321-331},
issn={1573-1405},
doi={10.1007/BF00133570},
url={https://doi.org/10.1007/BF00133570}
}

@article{Zhai,
  title={An Image-Processing Method for Extracting Kinematic Characteristics of Droplets during Pulsed GMAW},
  author={P. Zhai and S. Xue and T. Chen},
  journal={Applied Sciences},
  year={2019},
  volume={9},
  pages={5481}
}

@article{Gunther,
title = "Intelligent laser welding through representation, prediction, and control learning: An architecture with deep neural networks and reinforcement learning",
journal = "Mechatronics",
volume = "34",
pages = "1 - 11",
year = "2016",
note = "System-Integrated Intelligence: New Challenges for Product and Production Engineering",
issn = "0957-4158",
doi = "https://doi.org/10.1016/j.mechatronics.2015.09.004",
url = "http://www.sciencedirect.com/science/article/pii/S0957415815001555",
author = "J. Günther and P. M. Pilarski and G. Helfrich",
keywords = "Deep learning, Reinforcement learning, Prediction, Control, Laser welding"
}

@article{Zhang,
title = "Welding defects detection based on deep learning with multiple optical sensors during disk laser welding of thick plates",
journal = "Journal of Manufacturing Systems",
volume = "51",
pages = "87 - 94",
year = "2019",
issn = "0278-6125",
doi = "https://doi.org/10.1016/j.jmsy.2019.02.004",
url = "http://www.sciencedirect.com/science/article/pii/S0278612518301894",
author = "Y. {Zhang} and D. {You} and X. {Gao}",
keywords = "Multi-sensor system, Feature extraction, Convolutional neural network, Weld defects"
}

@book{weld-review,
  title={Modeling, sensing and control of gas metal arc welding},
  author={S. Ozcelik and K. Moore},
  year={2003},
  publisher={Elsevier},
  pages={10}
}

@article{lancaster,
	doi = {10.1088/0305-4624/15/2/i05},
	url = {https://doi.org/10.1088/0305-4624/15/2/i05},
	year = 1984,
	month = {mar},
	publisher = {{IOP} Publishing},
	volume = {15},
	number = {2},
	pages = {73--79},
	author = {J.F Lancaster},
	title = {The physics of welding},
	journal = {Physics in Technology}
}

@article{mendez2015,
  title={High-speed video of metal transfer in submerged arc welding},
  author={Mendez, P. F. and Goett, G. and Guest, S. D.},
  journal={Welding Journal},
  volume={94},
  number={10},
  pages={325s--332s},
  year={2015}
}

@article{zhang2,
  title={Modified active control of metal transfer and pulsed GMAW of titanium},
  author={Zhang, Y. M. and Li, P. J.},
  journal={Welding Journal(USA)},
  volume={80},
  number={2},
  pages={54},
  year={2001}
}

@article{wang,
author = {Wang, Z. and Zhang, Y.},
year = {2007},
month = {07},
pages = {2048-2058},
title = {Image processing algorithm for automated monitoring of metal transfer in double-electrode GMAW},
volume = {18},
journal = {Meas. Sci. Technol},
doi = {10.1088/0957-0233/18/7/035}
}

@article{rayleigh,
  author = {Lord Rayleigh},
  doi = {10.1098/rspl.1879.0015},
  url = {https://doi.org/10.1098/rspl.1879.0015},
  year = {1879},
  month = dec,
  publisher = {The Royal Society},
  volume = {29},
  number = {196-199},
  pages = {71--97},
  title = {{VI}. On the capillary phenomena of jets},
  journal = {Proceedings of the Royal Society of London}
}

@article{surface_tension,
author={Subramaniam, S.
and White, D. R.},
title={Effect of shield gas composition on surface tension of steel droplets in a gas-metal-arc welding arc},
journal={Metallurgical and Materials Transactions B},
year={2001},
month={Apr},
day={01},
volume={32},
number={2},
pages={313-318},
issn={1543-1916},
doi={10.1007/s11663-001-0054-2},
url={https://doi.org/10.1007/s11663-001-0054-2}
}

@article{bead,
title = {Analysis of GMAW process with deep learning and machine learning techniques},
journal = {Journal of Manufacturing Processes},
volume = {62},
pages = {695-703},
year = {2021},
issn = {1526-6125},
doi = {https://doi.org/10.1016/j.jmapro.2020.12.052},
url = {https://www.sciencedirect.com/science/article/pii/S1526612520308884},
author = {R. {Thompson Martínez} and G. {Alvarez Bestard} and A. {Martins Almeida Silva}}
}

@article{vel,
title = {An investigation of metal transfer process in GMAW},
journal = {Institute of Fundamental Technologies Research},
volume = {56},
pages = {345-362},
year = {2008},
issn = {1526-6125},
doi = {https://doi.org/10.1016/j.jmapro.2020.12.052},
url = {https://www.sciencedirect.com/science/article/pii/S1526612520308884},
author = {Weglowski, M. S. and Huang, Y. and Zhang, Y.M.}
}

@inbook{vel2,
title = {Droplet Acceleration In The Arc},
publisher = {Innovative Algorithms and Techniques in Automation, Industrial Electronics and Telecommunications},
pages = {211-217},
year = {2007},
month = {09},
author = {Hu, J. and Tsai, H.L.},
doi = {10.1007/978-1-4020-6266-7_39}
}